@Article{Rebennack2016,

https://doi.org/10.1007/s10107-015-0884-3