@Article{Homem-de-Mello2011,
author="Homem-de-Mello, Tito
and de Matos, Vitor L.
and Finardi, Erlon C.",
title="Sampling strategies and stopping criteria for stochastic dual dynamic programming: a case study in long-term hydrothermal scheduling",
journal="Energy Systems",
year="2011",
month="Mar",
volume="2",
number="1",
pages="1--31",
}

