%
% This is file `coppe.bib'.
%
% Bibliographic references for the documentation.
%
% Copyright (C) 2011 CoppeTeX Project and any individual authors listed
% elsewhere in this file.
%
% This program is free software; you can redistribute it and/or modify
% it under the terms of the GNU General Public License version 3 as
% published by the Free Software Foundation.
%
% This program is distributed in the hope that it will be useful,
% but WITHOUT ANY WARRANTY; without even the implied warranty of
% MERCHANTABILITY or FITNESS FOR A PARTICULAR PURPOSE. See the
% GNU General Public License version 3 for more details.
%
% You should have received a copy of the GNU General Public License
% version 3 along with this package (see COPYING file).
% If not, see <http://www.gnu.org/licenses/>.
%
% $URL: https://coppetex.svn.sourceforge.net/svnroot/coppetex/trunk/coppe.bib $
% $Id: coppe.bib 118 2008-10-18 14:17:06Z helano $
%
% Author(s): Vicente H. F. Batista
%            George O. Ainsworth Jr.
%

@BOOK{ogata,
   author = "Ogata, Katsuhiko",
   title = "Engenharia do controle moderno",
   edition = "5",
   address = "S達o Paulo",
   publisher = "Pearson Prentice Hall",
   year = "2010",
}

@PHDTHESIS{vitor,
   author = "Duarte, V. S.",
   title = "Teoria da Decis\~ao aplicada ao Planejamento Hidrot\'ermcio Brasileiro",
   school = "COPPE/UFRJ",
   address = "Rio de Janeiro, RJ, Brasil",
   type = "Tese de {D.Sc.}",
   year = 2012,
}
@article{benders,
   author = "Benders, J. F.",
   title = {partitioning procedures for solving mixed-variables programming problem. numerische mathematik},
   journal = {journal of elasticity},
   volume = {4},
   pages = {238--252},
   year = 1962,
}
@article{reben,
   author = "Rebennack, S.",
   title = {partitioning procedures for solving mixed-variables programming problem. numerische mathematik},
   journal = {Mathematical Programming},
   volume = {156},
   pages = {343--389},
   year = 2016,
}

@TECHREPORT{soares,
   author = "Martinez, L. and Soares, S.",
   title = "Two-Point Correlations of Sound Pressure in the Far Field of a Jet: Experiment",
   type = "{IEEE PES Power Systems Conference and Exposition}",
   year = 2004,
}

@ARTICLE{torres,
   author = "Cerisola, S. and Latorre, J.M and Ramos, A.",
   title = {Stochastic dual dynamic programming applied to nonconvex hydrothermal models.},
   journal = {European Journal of Operational Research},
   volume = {218},
   pages = {687--697},
   year = 2012,
}

@article{dematos,
title = "Improving the performance of Stochastic Dual Dynamic Programming",
journal = "Journal of Computational and Applied Mathematics",
volume = "290",
pages = "196 - 208",
year = "2015",
issn = "0377-0427",
author = "Vitor L. de Matos and Andy B. Philpott and Erlon C. Finardi",
}

@Article{homem,
author="Homem-de-Mello, Tito
and de Matos, Vitor L.
and Finardi, Erlon C.",
title="Sampling strategies and stopping criteria for stochastic dual dynamic programming: a case study in long-term hydrothermal scheduling",
journal="Energy Systems",
year="2011",
month="Mar",
volume="2",
number="1",
pages="1--31",
}

@BOOK{boyd,
   author = "Boyd, Sthepen P.",
   title = "Convex Optimization",
   address = "New York",
   publisher = "Cambrige University",
   year = "2009",
}
@BOOK{magalhaes,
   author = "Magalh達es, Marcos Nascimento",
   title = "Probabilidade e Vari\'{a}veis Aleat\'{o}rias",
   edition = "3",
   address = "S達o Paulo",
   publisher = "Editora da Universidade de S達o Paulo",
   year = "2013",
}
@BOOK{james,
   author = "James, Barry R.",
   title = "Probabilidade: um curso em n\'{i}vel intermedi\'{a}rio",
   edition = "4",
   address = "Rio de janeiro",
   publisher = "IMPA",
   year = "1981",
}
@BOOK{alexey,
   author = "Izmailov, Alexey. and Solov, Mikahail",
   title = "Otimiza\c c\~ao volume 1. Condi\c c\~oes de Otimalidade, Elementos de An\'alise Convexa e de Dualidade",
   edition = "3",
   address = "Rio de janeiro",
   publisher = "IMPA",
   year = "2014",
}

@BOOK{lages,
   author = "Lima, Elon Lages",
   title = "Curso de An\'alise Vol.1",
   edition = "1",
   address = "Rio de janeiro",
   publisher = "IMPA",
   year = "2014",
}

@BOOK{tom,
   author = "Tolmasquim, M.",
   title = "Energia Termel\'etrica:G\'as Natural, Biomassa, Carv\~ao, Nuclear",
   address = "Rio de janeiro",
   publisher = "EPE",
   year = "2016",
}

@MANUAL{an,
   author = {{Ag\^encia Nacional de Energia El\'etrica}},
   title = "Atlas de Energia El\'etrica",
   edition = "3",
   address = "Bras\'ilia",
   year = "2008",
}

@MANUAL{cp,
   author = {{Centro de Pesquisas de Energia El\'etrica}},
   title = "Modelo DECOMP CEPEL:Manual de refer\^encia",
   year = "2001",
}
