@article{dematos,
title = "Improving the performance of Stochastic Dual Dynamic Programming",
journal = "Journal of Computational and Applied Mathematics",
volume = "290",
pages = "196 - 208",
year = "2015",
issn = "0377-0427",
author = "Vitor L. de Matos and Andy B. Philpott and Erlon C. Finardi",
}
